@inproceedings{michael2007scale,
	title={Scale-up x scale-out: A case study using nutch/lucene},
	author={Michael, M. and Moreira, J.E. and Shiloach, D. and Wisniewski,
		R.W.},
	booktitle={Parallel and Distributed Processing Symposium, 2007. IPDPS
		2007. IEEE International},
	pages={1--8},
	year={2007},
	organization={IEEE}
}

@inproceedings{daly2007base,
	title={Base operating system provisioning and bringup for a commercial
		supercomputer},
	author={Daly, D. and Choi, J.H. and Moreira, J.E. and Waterland, A.},
	booktitle={Parallel and Distributed Processing Symposium, 2007. IPDPS
		2007. IEEE International},
	pages={1--7},
	year={2007},
	organization={IEEE}
}

@inproceedings{fan2007power,
	title={Power provisioning for a warehouse-sized computer},
	author={Fan, X. and Weber, W.D. and Barroso, L.A.},
	booktitle={ACM SIGARCH Computer Architecture News},
	volume={35},
	number={2},
	pages={13--23},
	year={2007},
	organization={ACM}
}

@inproceedings{qureshi2009cutting,
	title={Cutting the electric bill for internet-scale systems},
	author={Qureshi, A. and Weber, R. and Balakrishnan, H. and Guttag, J.
		and Maggs, B.},
	booktitle={ACM SIGCOMM Computer Communication Review},
	volume={39},
	number={4},
	pages={123--134},
	year={2009},
	organization={ACM}
}

@inproceedings{bash2007cool,
	title={Cool job allocation: measuring the power savings of placing jobs
		at cooling-efficient locations in the data center},
	author={Bash, C. and Forman, G.},
	booktitle={2007 USENIX Annual Technical Conference on Proceedings of
		the USENIX Annual Technical Conference},
	pages={29},
	year={2007},
	organization={USENIX Association}
}

@article{dougherty09hdf5,
	author = {Dougherty, Matthew T. and Folk, Michael J. and Zadok, Erez and
		Bernstein, Herbert J. and Bernstein, Frances C. and Eliceiri, Kevin W.
			and Benger, Werner and Best, Christoph},
	title = {Unifying biological image formats with HDF5},
	journal = {Commun. ACM},
	issue_date = {October 2009},
	volume = {52},
	number = {10},
	month = oct,
	year = {2009},
	issn = {0001-0782},
	pages = {42--47},
	numpages = {6},
	url = {http://doi.acm.org/10.1145/1562764.1562781},
	doi = {10.1145/1562764.1562781},
	acmid = {1562781},
	publisher = {ACM},
	address = {New York, NY, USA},
} 

