@inproceedings{michael2007scale,
	title={Scale-up x scale-out: A case study using nutch/lucene},
	author={Michael, M. and Moreira, J.E. and Shiloach, D. and Wisniewski,
		R.W.},
	booktitle={Parallel and Distributed Processing Symposium, 2007. IPDPS
		2007. IEEE International},
	pages={1--8},
	year={2007},
	organization={IEEE}
}

@inproceedings{daly2007base,
	title={Base operating system provisioning and bringup for a commercial
		supercomputer},
	author={Daly, D. and Choi, J.H. and Moreira, J.E. and Waterland, A.},
	booktitle={Parallel and Distributed Processing Symposium, 2007. IPDPS
		2007. IEEE International},
	pages={1--7},
	year={2007},
	organization={IEEE}
}

@inproceedings{fan2007power,
	title={Power provisioning for a warehouse-sized computer},
	author={Fan, X. and Weber, W.D. and Barroso, L.A.},
	booktitle={ACM SIGARCH Computer Architecture News},
	volume={35},
	number={2},
	pages={13--23},
	year={2007},
	organization={ACM}
}

@inproceedings{qureshi2009cutting,
	title={Cutting the electric bill for internet-scale systems},
	author={Qureshi, A. and Weber, R. and Balakrishnan, H. and Guttag, J.
		and Maggs, B.},
	booktitle={ACM SIGCOMM Computer Communication Review},
	volume={39},
	number={4},
	pages={123--134},
	year={2009},
	organization={ACM}
}

@inproceedings{bash2007cool,
	title={Cool job allocation: measuring the power savings of placing jobs
		at cooling-efficient locations in the data center},
	author={Bash, C. and Forman, G.},
	booktitle={2007 USENIX Annual Technical Conference on Proceedings of
		the USENIX Annual Technical Conference},
	pages={29},
	year={2007},
	organization={USENIX Association}
}

@article{dougherty09hdf5,
	author = {Dougherty, Matthew T. and Folk, Michael J. and Zadok, Erez and
		Bernstein, Herbert J. and Bernstein, Frances C. and Eliceiri, Kevin W.
			and Benger, Werner and Best, Christoph},
	title = {Unifying biological image formats with HDF5},
	journal = {Commun. ACM},
	issue_date = {October 2009},
	volume = {52},
	number = {10},
	month = oct,
	year = {2009},
	issn = {0001-0782},
	pages = {42--47},
	numpages = {6},
	url = {http://doi.acm.org/10.1145/1562764.1562781},
	doi = {10.1145/1562764.1562781},
	acmid = {1562781},
	publisher = {ACM},
	address = {New York, NY, USA},
} 

@inproceedings{eurosys_hfs,
	author = {Zhang, Zhihui and Ghose, Kanad},
	title = {hFS: a hybrid file system prototype for improving small file and
		metadata performance},
	booktitle = {Proceedings of the 2nd ACM SIGOPS/EuroSys European
		Conference on Computer Systems 2007},
	series = {EuroSys '07},
	year = {2007},
	isbn = {978-1-59593-636-3},
	location = {Lisbon, Portugal},
	pages = {175--187},
	numpages = {13},
	url = {http://doi.acm.org/10.1145/1272996.1273016},
	doi = {10.1145/1272996.1273016},
	acmid = {1273016},
	publisher = {ACM},
	address = {New York, NY, USA},
	keywords = {disk inodes, file systems, metadata journaling,
		update strageties},
} 

@inproceedings{spillane2011efficient,
	title={An efficient multi-tier tablet server storage architecture},
	author={Spillane, R.P. and Shetty, P.J. and Zadok, E. and Dixit, S. and
		Archak, S.},
	booktitle={Proceedings of the 2nd ACM Symposium on Cloud Computing},
	pages={1},
	year={2011},
	organization={ACM}
}

@article{barroso2009datacenter,
	title={The datacenter as a computer: An introduction to the design of
		warehouse-scale machines},
	author={Barroso, L.A. and H{\"o}lzle, U.},
	journal={Synthesis Lectures on Computer Architecture},
	volume={4},
	number={1},
	pages={1--108},
	year={2009},
	publisher={Morgan \& Claypool Publishers}
}

@article{ffs4unix,
	author = {McKusick, Marshall K. and Joy, William N. and Leffler, Samuel J.
		and Fabry, Robert S.},
	title = {A fast file system for UNIX},
	journal = {ACM Trans. Comput. Syst.},
	issue_date = {Aug. 1984},
	volume = {2},
	number = {3},
	month = aug,
	year = {1984},
	issn = {0734-2071},
	pages = {181--197},
	numpages = {17},
	url = {http://doi.acm.org/10.1145/989.990},
	doi = {10.1145/989.990},
	acmid = {990},
	publisher = {ACM},
	address = {New York, NY, USA},
	keywords = {UNIX, application program interface, file
		system design, file system organization, file system
			performance},
} 

@techreport{tablefs,
    author = {Kai Ren and Garth Gibson},
    title={TABLE FS: Embedding a NoSQL Database Inside the Local File System},
    institution = {Carnegie Mellon University},
    year={2012},
    number = {CMU-PDL-12-103}
}

@inproceedings{Seltzer09hfad,
	author = {Seltzer, Margo and Murphy, Nicholas},
	title = {Hierarchical file systems are dead},
	booktitle = {Proceedings of the 12th conference on Hot topics in
		operating systems},
	series = {HotOS'09},
	year = {2009},
	location = {Monte Verit\&\#224;, Switzerland},
	pages = {1--1},
	numpages = {1},
	url = {http://dl.acm.org/citation.cfm?id=1855568.1855569},
	acmid = {1855569},
	publisher = {USENIX Association},
	address = {Berkeley, CA, USA},
} 

@article{ionkovgostor,
	title={Gostor: Storage beyond POSIX},
	author={Ionkov, L. and Kulkarni, A. and Lang, M. and Lumsdaine, A. and
		Debardeleben, N. and Blanchard, S. and Fu, S. and Guan, Q. and
			Zhang, Z. and Greenberg, H. and others}
}

@inproceedings{evans2002study,
	title={A study of irregularities in file-size distributions},
	author={Evans, K.M. and Kuenning, G.H.},
	booktitle={Proceedings of the 2002 International Symposium on Performance
		Evaluation of Computer and Telecommunication Systems (SPECTS)},
	year={2002},
	organization={Citeseer}
}

@article{Agrawal:2007:FSF:1288783.1288788,
	author = {Agrawal, Nitin and Bolosky, William J. and Douceur, John R. and
		Lorch, Jacob R.},
	title = {A five-year study of file-system metadata},
	journal = {Trans. Storage},
	issue_date = {October 2007},
	volume = {3},
	number = {3},
	month = oct,
	year = {2007},
	issn = {1553-3077},
	articleno = {9},
	url = {http://doi.acm.org/10.1145/1288783.1288788},
	doi = {10.1145/1288783.1288788},
	acmid = {1288788},
	publisher = {ACM},
	address = {New York, NY, USA},
	keywords = {File systems, generative model, longitudinal
		study},
}

@article{beaver2010finding,
  title={Finding a needle in Haystack: Facebook's photo storage},
  author={Beaver, D. and Kumar, S. and Li, H.C. and Sobel, J. and Vajgel,
    P. and others},
  journal={Proc. 9th USENIX OSDI},
  year={2010}
}

@article{conquest_tos,
	author = {Wang, An-I Andy and Kuenning, Geoff and Reiher, Peter and Popek,
		Gerald},
	title = {The Conquest file system: Better performance through a
		disk/persistent-RAM hybrid design},
	journal = {Trans. Storage},
	issue_date = {August 2006},
	volume = {2},
	number = {3},
	month = aug,
	year = {2006},
	issn = {1553-3077},
	pages = {309--348},
	numpages = {40},
	url = {http://doi.acm.org/10.1145/1168910.1168914},
	doi = {10.1145/1168910.1168914},
	acmid = {1168914},
	publisher = {ACM},
	address = {New York, NY, USA},
	keywords = {Persistent RAM, file systems, performance
		measurement, storage management},
} 

@inproceedings{kvworkload_sigmetrics,
  author = {Atikoglu, Berk and Xu, Yuehai and Frachtenberg, Eitan and Jiang,
    Song and Paleczny, Mike},
  title = {Workload analysis of a large-scale key-value store},
  booktitle = {Proceedings of the 12th ACM SIGMETRICS/PERFORMANCE joint
    international conference on Measurement and Modeling of Computer
      Systems},
  series = {SIGMETRICS '12},
  year = {2012},
  isbn = {978-1-4503-1097-0},
  location = {London, England, UK},
  pages = {53--64},
  numpages = {12},
  url = {http://doi.acm.org/10.1145/2254756.2254766},
  doi = {10.1145/2254756.2254766},
  acmid = {2254766},
  publisher = {ACM},
  address = {New York, NY, USA},
  keywords = {key-value store, memcached, workload analysis,
    workload modeling},
} 

@article{umbrellafs_gos,
	author = {Garrison, John A. and Reddy, A. L. Narasimha},
	title = {Umbrella file system: Storage management across heterogeneous
		devices},
	journal = {Trans. Storage},
	issue_date = {March 2009},
	volume = {5},
	number = {1},
	month = mar,
	year = {2009},
	issn = {1553-3077},
	pages = {3:1--3:24},
	articleno = {3},
	numpages = {24},
	url = {http://doi.acm.org/10.1145/1502777.1502780},
	doi = {10.1145/1502777.1502780},
	acmid = {1502780},
	publisher = {ACM},
	address = {New York, NY, USA},
	keywords = {Device characteristics, flash drives,
		namespaces, policy-driven storage},
} 

@techreport{zhang2012multi, 
	title={Multi-level Hybrid Cache: Impact and Feasibility}, 
	author={Zhang, Z. and Kim, Y. and Ma, X. and Shipman, G. and Zhou, Y.}, year={2012}, 
	institution={Oak Ridge National Laboratory (ORNL)}
}

@inproceedings{flashlru_sigmetrics,
	author = {Kim, Hyojun and Ryu, Moonkyung and Ramachandran, Umakishore},
	title = {What is a good buffer cache replacement scheme for mobile flash
		storage?},
	booktitle = {Proceedings of the 12th ACM SIGMETRICS/PERFORMANCE joint
		international conference on Measurement and Modeling of Computer
			Systems},
	series = {SIGMETRICS '12},
	year = {2012},
	isbn = {978-1-4503-1097-0},
	location = {London, England, UK},
	pages = {235--246},
	numpages = {12},
	url = {http://doi.acm.org/10.1145/2254756.2254786},
	doi = {10.1145/2254756.2254786},
	acmid = {2254786},
	publisher = {ACM},
	address = {New York, NY, USA},
	keywords = {flash storage, mobile platform, page cache},
} 

@inproceedings{Forney2002fast,
  author = {Forney, Brian C. and Arpaci-Dusseau, Andrea C. and Arpaci-Dusseau,
    Remzi H.},
  title = {Storage-Aware Caching: Revisiting Caching for Heterogeneous
    Storage Systems},
  booktitle = {Proceedings of the 1st USENIX Conference on File and Storage
    Technologies},
  series = {FAST '02},
  year = {2002},
  location = {Monterey, CA},
  articleno = {5},
  url = {http://dl.acm.org/citation.cfm?id=1083323.1083330},
  acmid = {1083330},
  publisher = {USENIX Association},
  address = {Berkeley, CA, USA},
} 

@inproceedings{Thereska2006sel,
	author = {Thereska, E. and Abd-El-Malek, M. and Wylie, J. J. and
		Narayanan, D. and Ganger, G. R.},
	title = {Informed data distribution selection in a self-predicting
		storage system},
	booktitle = {Proceedings of the 2006 IEEE International Conference on
		Autonomic Computing},
	series = {ICAC '06},
	year = {2006},
	isbn = {1-4244-0175-5},
	pages = {187--198},
	numpages = {12},
	url = {http://dx.doi.org/10.1109/ICAC.2006.1662398},
	doi = {10.1109/ICAC.2006.1662398},
	acmid = {1471657},
	publisher = {IEEE Computer Society},
	address = {Washington, DC, USA},
} 


@misc{level_lifetime,
	author = {Vadim Skipin},
	title = {{New feature: Limited record lifetime}},
	howpublished =
		"\url{https://groups.google.com/d/topic/leveldb/cIM9FdJGG1w/discussion}",
	year = {2012}, 
	note = "[Online; accessed 10-Dec-2012]"
}
